%% This BibTeX bibliography file was created using BibDesk.
%% http://bibdesk.sourceforge.net/


%% Created for Andreas Nordberg at 2016-05-12 14:44:34 +0200 


%% Saved with string encoding Unicode (UTF-8) 



@article{optimizedbroadcast,
	Author = {Niklas Carlsson and Anirban Mahanti and Zongpeng Li and Derek L. Eager},
	Date-Added = {2016-05-12 12:43:23 +0000},
	Date-Modified = {2016-05-12 12:44:16 +0000},
	Journal = {IEEE Transactions on Multimedia},
	Month = {August},
	Number = {5},
	Pages = {871-884},
	Title = {Optimized Periodic Broadcast of Non-linear Media},
	Volume = {10},
	Year = {2008}}

@online{haversine,
	Author = {Doctor Rick},
	Date-Added = {2016-05-12 12:42:04 +0000},
	Date-Modified = {2016-05-12 12:43:17 +0000},
	Month = {04},
	Url = {http://mathforum.org/library/drmath/view/51879.html},
	Urldate = {2016-04-11},
	Title = {Deriving the Haversine Formula},
	Year = {1999}}

@article{equi,
	Author = {John P. Snyder},
	Date-Added = {2016-05-12 12:41:33 +0000},
	Date-Modified = {2016-05-12 12:42:03 +0000},
	Journal = {University Of Chicago Press},
	Title = {Flattening the Earth: Two Thousand Years of Map Projections},
	Year = {1993}}

@article{bufferBased,
	Author = {T. Huang and R. Johari and N. McKeown},
	Date-Added = {2016-05-12 12:40:43 +0000},
	Date-Modified = {2016-05-12 12:41:28 +0000},
	Journal = {In Proc. ACM SIGCOMM FhMN Workshop},
	Month = {August},
	Title = {Downton abbey without the hiccups: Buffer-based rate adaptation for HTTP video streaming},
	Year = {2013}}

@article{scalableOnDemand,
	Author = {Zhao, Y. and D. L. Eager and M. K. Vernon},
	Date-Added = {2016-05-12 12:38:47 +0000},
	Date-Modified = {2016-05-12 12:40:39 +0000},
	Journal = {IEEE/ACM Trans. on Networking},
	Month = {October},
	Number = {5},
	Pages = {1149-1162},
	Title = {Scalable On-Demand Streaming of Nonlinear Media},
	Volume = {15},
	Year = {2007}}

@article{bandawarePrefetch,
	Author = {Vengatanathan Krishnamoorthi and Niklas Carlsson and Derek Eager and Anirban Mahanti and Nahid Shahmehri},
	Date-Added = {2016-05-12 12:37:40 +0000},
	Date-Modified = {2016-05-12 12:38:45 +0000},
	Journal = {Proc. ACM International Conference on Multimedia},
	Month = {October},
	Title = {Bandwidth-aware Prefetching for Proactive Multi-video Preloading and Improved HAS Performance},
	Year = {2015}}

@article{hasmultipath,
	Author = {Vengatanathan Krishnamoorthi and Patrik Bergstr{\"o}m and Niklas Carlsson and Derek Eager and Anirban Mahanti and Nahid Shahmehri},
	Date-Added = {2016-05-12 12:36:13 +0000},
	Date-Modified = {2016-05-12 12:37:34 +0000},
	Journal = {Proc. ACM SIGCOMM Workshop on Future Human-Centric Multimedia Networking},
	Month = {August},
	Pages = {55-38},
	Title = {mpowering the Creative User: Personalized HTTP-based Adaptive Streaming of Multi-path Nonlinear Video},
	Year = {2013}}

@article{streamrate,
	Author = {T. Huang and N. Handigol and B. Heller and N. McKeown and R. Johari},
	Date-Added = {2016-05-12 12:34:59 +0000},
	Date-Modified = {2016-05-12 12:36:08 +0000},
	Journal = {In Proc. ACM IMC},
	Month = {November},
	Title = {Confused, timid, and unstable: Picking a video streaming rate is hard},
	Year = {2012}}

@online{osmf,
	Author = {Greg Hamer},
	Date-Added = {2016-05-12 12:29:47 +0000},
	Date-Modified = {2016-05-12 12:34:21 +0000},
	Month = {March},
	Title = {Open Source Media Framework: Introduction and overview},
	Url = {http://www.adobe.com/devnet/video/articles/osmf_overview.html},
	Urldate = {2016-03-09},
	Year = {2015}}

@article{qualbranch,
	Author = {Vengatanathan Krishnamoorthi and Niklas Carlsson and Derek Eager and Anirban Mahanti and Nahid Shahmehri},
	Date-Added = {2016-05-12 12:24:13 +0000},
	Date-Modified = {2016-05-12 12:27:06 +0000},
	Journal = {Proc. ACM International Conference on Multimedia (ACM Multimedia)},
	Month = {November},
	Pages = {317-326},
	Title = {Quality-adaptive Prefetching for Interactive Branched Video using HTTP-based Adaptive Streaming},
	Year = {2014}}

@article{gtube,
	Author = {Jia Hao and Roger Zimmermann and Haiyang Ma},
	Date-Added = {2016-05-12 11:58:20 +0000},
	Date-Modified = {2016-05-12 12:20:10 +0000},
	Journal = {ACM Multimedia Systems Conference},
	Pages = {259-270},
	Title = {GTube: Geo-Predictive Video Streaming over HTTP in Mobile Environments},
	Year = {2014}}
